@article{Yabe1991,
  title={A universal solver for hyperbolic equations by cubic-polynomial interpolation I. One-dimensional solver},
  author={Yabe, TAKASHI and Aoki, T},
  journal={Computer Physics Communications},
  volume={66},
  number={2},
  pages={219--232},
  year={1991},
  publisher={Elsevier}
}

@article{Qiu2011,
  title={Positivity preserving semi-Lagrangian discontinuous Galerkin formulation: theoretical analysis and application to the Vlasov--Poisson system},
  author={Qiu, Jing-Mei and Shu, Chi-Wang},
  journal={Journal of Computational Physics},
  volume={230},
  number={23},
  pages={8386--8409},
  year={2011},
  publisher={Elsevier}
}

@article{Groppi2014,
  title={High order semi-Lagrangian methods for the BGK equation},
  author={Groppi, M and Russo, G and Stracquadanio, G},
  journal={arXiv preprint arXiv:1411.7929},
  year={2014}
}

@article{Artebrant2006,
  title={Limiter-free third order logarithmic reconstruction},
  author={Artebrant, Robert and Schroll, H Joachim},
  journal={SIAM Journal on Scientific Computing},
  volume={28},
  number={1},
  pages={359--381},
  year={2006},
  publisher={SIAM}
}

@article{Rossmanith2011,
  title={A positivity-preserving high-order semi-Lagrangian discontinuous Galerkin scheme for the Vlasov--Poisson equations},
  author={Rossmanith, James A and Seal, David C},
  journal={Journal of Computational Physics},
  volume={230},
  number={16},
  pages={6203--6232},
  year={2011},
  publisher={Elsevier}
}

@article{Tanaka2000,
  title={Constructing exactly conservative scheme in a non-conservative form},
  author={Tanaka, R\_ and Nakamura, T and Yabe, Takashi},
  journal={Computer physics communications},
  volume={126},
  number={3},
  pages={232--243},
  year={2000},
  publisher={Elsevier}
}

@article{Yabe2001,
  title={An exactly conservative semi-Lagrangian scheme (CIP-CSL) in one dimension},
  author={Yabe, T and Tanaka, R and Nakamura, T and Xiao, F},
  journal={Monthly Weather Review},
  volume={129},
  number={2},
  pages={332--344},
  year={2001}
}

@article{Nakamura2001,
  title={Exactly conservative semi-Lagrangian scheme for multi-dimensional hyperbolic equations with directional splitting technique},
  author={Nakamura, Takashi and Tanaka, Ryotaro and Yabe, Takashi and Takizawa, Kenji},
  journal={Journal of Computational Physics},
  volume={174},
  number={1},
  pages={171--207},
  year={2001},
  publisher={Elsevier}
}

@article{Xiao1996,
  title={Constructing oscillation preventing scheme for advection equation by rational function},
  author={Xiao, F and Yabe, T and Ito, T},
  journal={Computer Physics Communications},
  volume={93},
  number={1},
  pages={1--12},
  year={1996},
  publisher={Elsevier}
}


@article{Xiao2001,
  title={Completely conservative and oscillationless semi-Lagrangian schemes for advection transportation},
  author={Xiao, Feng and Yabe, Takashi},
  journal={Journal of computational physics},
  volume={170},
  number={2},
  pages={498--522},
  year={2001},
  publisher={Elsevier}
}

@article{Xiao2004,
  title={Unified formulation for compressible and incompressible flows by using multi-integrated moments I: one-dimensional inviscid compressible flow},
  author={Xiao, Feng},
  journal={Journal of Computational Physics},
  volume={195},
  number={2},
  pages={629--654},
  year={2004},
  publisher={Elsevier}
}

@article{LiXiao2007,
  title={CIP/multi-moment finite volume method for Euler equations: a semi-Lagrangian characteristic formulation},
  author={Ii, Satoshi and Xiao, Feng},
  journal={Journal of Computational Physics},
  volume={222},
  number={2},
  pages={849--871},
  year={2007},
  publisher={Elsevier}
}

@article{LiXiao2009,
  title={High order multi-moment constrained finite volume method. Part I: Basic formulation},
  author={Ii, Satoshi and Xiao, Feng},
  journal={Journal of Computational Physics},
  volume={228},
  number={10},
  pages={3669--3707},
  year={2009},
  publisher={Elsevier}
}

@article{Huynh2007,
  title={A flux reconstruction approach to high-order schemes including discontinuous Galerkin methods},
  author={Huynh, HT},
  journal={AIAA paper},
  volume={4079},
  pages={2007},
  year={2007}
}
